@misc{united2018world,
	title={{World Economic and Social Survey 2018: Frontier technologies for sustainable development}},
	author={{United Nations}},
	year={2018},
	publisher={United Nations, New York}
}

@book{cirera2022bridging,
	title={{Bridging the Technological Divide: Technology Adoption by Firms in Developing Countries}},
	author={Cirera, Xavier and Comin, Diego and Cruz, Marcio},
	year={2022},
	publisher={World Bank Publications}
}